@book{Reference1,
  title={Embedded Linux Systems with the Yocto Project},
  author={Streif, Rudolf J},
  year={2016},
  publisher={Prentice Hall Press}
}
@misc{Reference2,
  title={Yocto Project Reference Manual},
  author={Purdie, Richard},
  year={2017}
}
@inproceedings{paule2019vulnerabilities,
  title={Vulnerabilities in continuous delivery pipelines? A case study},
  author={Paule, Christina and D{\"u}llmann, Thomas F and Van Hoorn, Andr{\'e}},
  booktitle={2019 IEEE international conference on software architecture companion (ICSA-C)},
  pages={102--108},
  year={2019},
  organization={IEEE}
}
@INPROCEEDINGS{4221614,
  author={Bertolino, Antonia},
  booktitle={Future of Software Engineering (FOSE '07)}, 
  title={Software Testing Research: Achievements, Challenges, Dreams}, 
  year={2007},
  volume={},
  number={},
  pages={85-103},
  doi={10.1109/FOSE.2007.25}}

@book{beizer2003software,
  title={Software testing techniques},
  author={Beizer, Boris},
  year={2003},
  publisher={Dreamtech Press}
}
@article{nidhra2012black,
  title={Black box and white box testing techniques-a literature review},
  author={Nidhra, Srinivas and Dondeti, Jagruthi},
  journal={International Journal of Embedded Systems and Applications (IJESA)},
  volume={2},
  number={2},
  pages={29--50},
  year={2012}
}
@article{liu2009covering,
  title={Covering code behavior on input validation in functional testing},
  author={Liu, Hui and Tan, Hee Beng Kuan},
  journal={Information and Software Technology},
  volume={51},
  number={2},
  pages={546--553},
  year={2009},
  publisher={Elsevier}
}
@inproceedings{shao2007case,
  title={A case for white-box testing using declarative specifications poster abstract},
  author={Shao, Danhua and Khurshid, Sarfraz and Perry, Dewayne E},
  booktitle={Testing: Academic and Industrial Conference Practice and Research Techniques-MUTATION (TAICPART-MUTATION 2007)},
  pages={137--137},
  year={2007},
  organization={IEEE}
}
@INPROCEEDINGS{7100358,
  author={Brar, Hanmeet Kaur and Kaur, Puneet Jai},
  booktitle={2015 2nd International Conference on Computing for Sustainable Global Development (INDIACom)}, 
  title={Differentiating Integration Testing and unit testing}, 
  year={2015},
  volume={},
  number={},
  pages={796-798},
  doi={}
}
@INPROCEEDINGS{65194,
  author={Leung, H.K.N. and White, L.},
  booktitle={Proceedings. Conference on Software Maintenance - 1989}, 
  title={Insights into regression testing (software testing)}, 
  year={1989},
  volume={},
  number={},
  pages={60-69},
  doi={10.1109/ICSM.1989.65194}}
@inproceedings{asha2015api,
  title={API testing: Picking the right strategy},
  author={Asha, KR and Shwetha, DJ},
  booktitle={Pacific Northwest Software Quality Conference},
  pages={261--270},
  year={2015}
}
@inproceedings{sharma2018automated,
  title={Automated API testing},
  author={Sharma, Abhinav and Revathi, M and others},
  booktitle={2018 3rd International Conference on Inventive Computation Technologies (ICICT)},
  pages={788--791},
  year={2018},
  organization={IEEE}
}
@book{pathania2017learning,
  title={Learning Continuous Integration with Jenkins: A Beginner's Guide to Implementing Continuous Integration and Continuous Delivery Using Jenkins 2},
  author={Pathania, Nikhil},
  year={2017},
  publisher={Packt Publishing Ltd}
}
@misc{violanteembedded,
  title={Embedded Linux distro development with the Yocto Project},
  author={Violante, Massimo and Sponza, Cristiano and Flaminio, Alessandro}
}
@misc{veromannembedded,
  title={Embedded Linux-based Smart Home Gateway},
  author={Veromann, Toomas Aleksander}
}
@book{salvador2014embedded,
  title={Embedded Linux Development with Yocto Project},
  author={Salvador, Otavio and Angolini, Daiane},
  year={2014},
  publisher={Packt Publishing Ltd}
}
@misc{team2006openembedded,
  title={Openembedded user manual},
  author={Team, OpenEmbedded},
  journal={2013-05-01]. http://www. embeddedlinux. org. cn/OEManual},
  year={2006}
}
@article{swain2015design,
  title={Design of embedded linux based voice calling device},
  author={Swain, Mahendra and Srivastava, Abhishek Kumar},
  journal={International Journal of Applied Engineering Research},
  volume={10},
  number={15},
  pages={35095--35102},
  year={2015}
}
@ARTICLE{8125550,

  author={Gannon, Dennis and Barga, Roger and Sundaresan, Neel},

  journal={IEEE Cloud Computing}, 

  title={Cloud-Native Applications}, 

  year={2017},

  volume={4},

  number={5},

  pages={16-21},

  doi={10.1109/MCC.2017.4250939}}
@inproceedings{bass2015securing,
  title={Securing a deployment pipeline},
  author={Bass, Len and Holz, Ralph and Rimba, Paul and Tran, An Binh and Zhu, Liming},
  booktitle={2015 IEEE/ACM 3rd International Workshop on Release Engineering},
  pages={4--7},
  year={2015},
  organization={IEEE}
}
@book{leszko2017continuous,
  title={Continuous Delivery with Docker and Jenkins},
  author={Leszko, Rafal},
  year={2017},
  publisher={Packt Publishing Ltd}
}
@ARTICLE{8721084,
author={Decan, Alexandre and Mens, Tom},
journal={IEEE Transactions on Software Engineering}, 
title={What Do Package Dependencies Tell Us About Semantic Versioning?}, 
year={2021},
volume={47},
number={6},
pages={1226-1240},
doi={10.1109/TSE.2019.2918315}}
@misc{preston2013semantic,
  title={Semantic Versioning 2.0. 0},
  author={Preston-Werner, Tom},
  year={2013}
}
@article{ant,
author = {Antonelli, Stefano and Aiftimiei, Cristina and Bencivenni, M and Bisegni, Claudio and Chiarelli, Lorenzo and Girolamo, D and Giacomini, Francesco and Longo, Stefano and Manzali, Matteo and Veraldi, R and Zani, Stefano},
year = {2014},
month = {06},
pages = {062018},
title = {An integrated infrastructure in support of software development},
volume = {513},
journal = {Journal of Physics: Conference Series},
doi = {10.1088/1742-6596/513/6/062018}
}
@inproceedings{vasilescu2015quality,
  title={Quality and productivity outcomes relating to continuous integration in GitHub},
  author={Vasilescu, Bogdan and Yu, Yue and Wang, Huaimin and Devanbu, Premkumar and Filkov, Vladimir},
  booktitle={Proceedings of the 2015 10th Joint Meeting on Foundations of Software Engineering},
  pages={805--816},
  year={2015}
}
@book{smart2011jenkins,
  title={Jenkins: The Definitive Guide: Continuous Integration for the Masses},
  author={Smart, John Ferguson},
  year={2011},
  publisher={" O'Reilly Media, Inc."}
}
@ARTICLE{6802994,

  author={Meyer, Mathias},

  journal={IEEE Software}, 

  title={Continuous Integration and Its Tools}, 

  year={2014},

  volume={31},

  number={3},

  pages={14-16},

  doi={10.1109/MS.2014.58}}
@book{loeliger2012version,
  title={Version Control with Git: Powerful tools and techniques for collaborative software development},
  author={Loeliger, Jon and McCullough, Matthew},
  year={2012},
  publisher={" O'Reilly Media, Inc."}
}
@book{pathania2017pro,
  title={Pro Continuous Delivery: With Jenkins 2.0},
  author={Pathania, Nikhil},
  year={2017},
  publisher={Apress}
}
@inproceedings{cito2016using,
  title={Using docker containers to improve reproducibility in software and web engineering research},
  author={Cito, J{\"u}rgen and Ferme, Vincenzo and Gall, Harald C},
  booktitle={International Conference on Web Engineering},
  pages={609--612},
  year={2016},
  organization={Springer}
}
@inproceedings{benedicic2019sarus,
  title={Sarus: Highly scalable docker containers for hpc systems},
  author={Benedicic, Lucas and Cruz, Felipe A and Madonna, Alberto and Mariotti, Kean},
  booktitle={International Conference on High Performance Computing},
  pages={46--60},
  year={2019},
  organization={Springer}
}
@inproceedings{soni2015end,
  title={End to end automation on cloud with build pipeline: the case for DevOps in insurance industry, continuous integration, continuous testing, and continuous delivery},
  author={Soni, Mitesh},
  booktitle={2015 IEEE International Conference on Cloud Computing in Emerging Markets (CCEM)},
  pages={85--89},
  year={2015},
  organization={IEEE}
}
@book{raghavan2005embedded,
  title={Embedded Linux system design and development},
  author={Raghavan, Pichai and Lad, Amol and Neelakandan, Sriram},
  year={2005},
  publisher={CRC press}
}
@book{vaduva2015learning,
  title={Learning Embedded Linux Using the Yocto Project},
  author={Vaduva, Alexandru},
  year={2015},
  publisher={Packt Publishing Ltd}
}
@inproceedings{railic2021architecting,
  title={Architecting Continuous Integration and Continuous Deployment for Microservice Architecture},
  author={Raili{\'c}, Njego{\v{s}} and Savi{\'c}, Mihajlo},
  booktitle={2021 20th International Symposium INFOTEH-JAHORINA (INFOTEH)},
  pages={1--5},
  year={2021},
  organization={IEEE}
}
@book{humble2010continuous,
  title={Continuous delivery: reliable software releases through build, test, and deployment automation},
  author={Humble, Jez and Farley, David},
  year={2010},
  publisher={Pearson Education}
}
@article{russo2003toward,
  title={Toward an empirical assessment of the benefits of open source software},
  author={Russo, Barbara and Zuliani, Paolo and Succi, Giancarlo},
  journal={Feller et al.[73]},
  pages={117--120},
  year={2003},
  publisher={Citeseer}
}
@book{berczuk2003software,
  title={Software configuration management patterns: effective teamwork, practical integration},
  author={Berczuk, Stephen P and Berczuk, Steve and Appleton, Brad},
  year={2003},
  publisher={Addison-Wesley Professional}
}
@misc{preston2013semantic,
  title={Semantic Versioning 2.0. 0},
  author={Preston-Werner, Tom and others},
  year={2013}
}
@inproceedings{wohlin2005important,
  title={What is important when deciding to include a software requirement in a project or release?},
  author={Wohlin, Claes and Aurum, Ayb{\"u}ke},
  booktitle={2005 International Symposium on Empirical Software Engineering, 2005.},
  pages={10--pp},
  year={2005},
  organization={IEEE}
}
%@misc{ConvComm,
%  title = {{Conventional} Commits},
%  url = {https://www.conventionalcommits.org/en/v1.0.0/},
%  note = {Accessed: 2022-02-22}
%}